<?xml version = "1.0" encoding = "UTF-8"?>
  <collection xmlns="http://www.loc.gov/MARC21/slim"
xmlns:xsi="http://www.w3.org/2001/XMLSchema-instance"
xsi:schemaLocation="http://www.loc.gov/MARC21/slim
http://www.loc.gov/standards/marcxml/schema/MARC21slim.xsd">
    <record xmlns="http://www.loc.gov/MARC21/slim"
xmlns:xsi="http://www.w3.org/2001/XMLSchema-instance"
xsi:schemaLocation="http://www.loc.gov/MARC21/slim
http://www.loc.gov/standards/marcxml/schema/MARC21slim.xsd">
      <leader>     nz  a22     n  4500</leader>
      <controlfield tag="FMT">AU</controlfield>
      <controlfield tag="LDR">     nz  a22     n  4500</controlfield>
      <controlfield tag="001">000000001</controlfield>
      <controlfield tag="008">000921|||a||||aab|||||||||||||||||||||||</controlfield>
      <datafield tag="110" ind1="2" ind2=" ">
        <subfield code="a">&quot;Aesculap&quot;, Societatea pentru Sustinerea si Ingrijirea Membrilor sai Bolnavi</subfield>
        <subfield code="9">lat</subfield>
      </datafield>
      <datafield tag="410" ind1="2" ind2=" ">
        <subfield code="a">Societatea &quot;Aesculap&quot;</subfield>
        <subfield code="9">lat</subfield>
      </datafield>
      <datafield tag="410" ind1="2" ind2=" ">
        <subfield code="a">&quot;Aesculap&quot;, Societatea pentru Ingrijirea si Sustinerea Membrilor sai Bolnavi</subfield>
        <subfield code="9">lat</subfield>
      </datafield>
      <datafield tag="680" ind1=" " ind2=" ">
        <subfield code="a">Cf.: Bilantul si darea de seama. f.1876</subfield>
      </datafield>
      <datafield tag="901" ind1=" " ind2=" ">
        <subfield code="a">145953329</subfield>
      </datafield>
    </record>