

<record xmlns="http://www.loc.gov/MARC21/slim"
xmlns:xsi="http://www.w3.org/2001/XMLSchema-instance"
xsi:schemaLocation="http://www.loc.gov/MARC21/slim
http://www.loc.gov/standards/marcxml/schema/MARC21slim.xsd">
  <leader>     nz  a22     n  4500</leader>
  <controlfield tag="FMT">AU</controlfield>
  <controlfield tag="LDR">     nz  a22     n  4500</controlfield>
  <controlfield tag="001">000000002</controlfield>
  <controlfield tag="005">20150723093952.0</controlfield>
  <controlfield tag="008">000108|||az|||aab|||||||||||||||||||||||</controlfield>
  <datafield tag="040" ind1=" " ind2=" ">
    <subfield code="a">CU-HE</subfield>
    <subfield code="b">mul</subfield>
    <subfield code="e">rda</subfield>
    <subfield code="c">CU-HE</subfield>
  </datafield>
  <datafield tag="046" ind1=" " ind2=" ">
    <subfield code="s">1932</subfield>
  </datafield>
  <datafield tag="110" ind1="2" ind2=" ">
    <subfield code="a">Bet ḥolim Alin</subfield>
    <subfield code="9">lat</subfield>
  </datafield>
  <datafield tag="110" ind1="2" ind2=" ">
    <subfield code="a">בית חולים אלי&quot;ן (ירושלים)</subfield>
    <subfield code="9">heb</subfield>
  </datafield>
  <datafield tag="370" ind1=" " ind2=" ">
    <subfield code="e">Jerusalem (Israel)</subfield>
  </datafield>
  <datafield tag="372" ind1=" " ind2=" ">
    <subfield code="a">Children--Hospitals</subfield>
    <subfield code="2">lcsh</subfield>
  </datafield>
  <datafield tag="410" ind1="2" ind2=" ">
    <subfield code="a">Alin Hospital</subfield>
    <subfield code="9">lat</subfield>
  </datafield>
  <datafield tag="410" ind1="2" ind2=" ">
    <subfield code="a">Alin (Jerusalem)</subfield>
    <subfield code="9">lat</subfield>
  </datafield>
  <datafield tag="410" ind1="2" ind2=" ">
    <subfield code="a">Alyn Hospital</subfield>
    <subfield code="9">lat</subfield>
  </datafield>
  <datafield tag="410" ind1="2" ind2=" ">
    <subfield code="a">&quot;Alyn&quot;, bet holim ortopedi shel ha-Agudda leezrat yeladim nakhim (Jerusalem)</subfield>
    <subfield code="9">lat</subfield>
  </datafield>
  <datafield tag="410" ind1="2" ind2=" ">
    <subfield code="a">אלי&quot;ן</subfield>
    <subfield code="9">heb</subfield>
  </datafield>
  <datafield tag="410" ind1="2" ind2=" ">
    <subfield code="a">אגודה לעזרת ילדים נכים - אלי&quot;ן</subfield>
    <subfield code="9">heb</subfield>
  </datafield>
  <datafield tag="410" ind1="2" ind2=" ">
    <subfield code="a">אגדה לעזרת ילדים נכים (אלי&quot;ן)</subfield>
    <subfield code="9">heb</subfield>
  </datafield>
  <datafield tag="410" ind1="2" ind2=" ">
    <subfield code="a">בית חולים אלי&quot;ן - מרכז לשיקום ילדים ונוער (ירושלים)</subfield>
    <subfield code="9">heb</subfield>
  </datafield>
  <datafield tag="410" ind1="2" ind2=" ">
    <subfield code="a">אל&quot;ין - מרכז לשיקום ילדים ונוער (ירושלים)</subfield>
    <subfield code="9">heb</subfield>
  </datafield>
  <datafield tag="410" ind1="2" ind2=" ">
    <subfield code="a">בית חולים אלי&quot;ן - מרכז לשקום ילדים ונער (ירושלים)</subfield>
    <subfield code="9">heb</subfield>
  </datafield>
  <datafield tag="410" ind1="2" ind2=" ">
    <subfield code="a">אלי&quot;ן - בית החולים האורטופדי (ירושלים)</subfield>
    <subfield code="9">heb</subfield>
  </datafield>
  <datafield tag="410" ind1="2" ind2=" ">
    <subfield code="a">Orthopaedic Hospital and Rehabilitation Center for Physically Handicapped Children (Jerusalem)</subfield>
    <subfield code="9">lat</subfield>
  </datafield>
  <datafield tag="410" ind1="1" ind2=" ">
    <subfield code="a">Jerusalem.</subfield>
    <subfield code="b">&quot;Alyn&quot;, Bet Holim Ortopedi Shel Ha-Agudda Leezrat Yeladim Nakhim</subfield>
    <subfield code="9">lat</subfield>
  </datafield>
  <datafield tag="410" ind1="2" ind2=" ">
    <subfield code="a">Dorothy and Malcolm Woldenberg Orthopaedic Hospital and Rehabilitation Center for Physically Handicapped Children</subfield>
    <subfield code="9">lat</subfield>
  </datafield>
  <datafield tag="410" ind1="2" ind2=" ">
    <subfield code="a">&quot;Alyn&quot;, Orthopaedic Hospital of the Society for Crippled Children (Jerusalem)</subfield>
    <subfield code="9">lat</subfield>
  </datafield>
  <datafield tag="410" ind1="2" ind2=" ">
    <subfield code="a">Agudda Leezrat Yeladim Nakhim (&quot;Alyn&quot;).</subfield>
    <subfield code="b">Bet Holim Ortopedi</subfield>
    <subfield code="9">lat</subfield>
  </datafield>
  <datafield tag="410" ind1="2" ind2=" ">
    <subfield code="a">Woldenberg Orthopaedic Hospital and Rehabilitation Center for Physically Handicapped Children</subfield>
    <subfield code="9">lat</subfield>
  </datafield>
  <datafield tag="410" ind1="2" ind2=" ">
    <subfield code="a">&quot;Alyn&quot;, Woldenberg Orthopaedic Hospital and Rehabilitation Center for Physically Handicapped Children</subfield>
    <subfield code="9">lat</subfield>
  </datafield>
  <datafield tag="410" ind1="2" ind2=" ">
    <subfield code="a">ALYN Woldenberg Family Hospital</subfield>
    <subfield code="9">lat</subfield>
  </datafield>
  <datafield tag="410" ind1="2" ind2=" ">
    <subfield code="a">ALYN Hospital (Jerusalem)</subfield>
    <subfield code="9">lat</subfield>
  </datafield>
  <datafield tag="410" ind1="2" ind2=" ">
    <subfield code="a">Agudda Leezrat Yeladim Nakhim (&quot;alyn&quot;)</subfield>
    <subfield code="9">lat</subfield>
  </datafield>
  <datafield tag="410" ind1="2" ind2=" ">
    <subfield code="a">&quot;Alyn&quot; (Agudda Leezrat Yeladim Nakhim)</subfield>
    <subfield code="9">lat</subfield>
  </datafield>
  <datafield tag="410" ind1="2" ind2=" ">
    <subfield code="a">Society for Crippled Children (&quot;Alyn&quot;)</subfield>
    <subfield code="9">lat</subfield>
  </datafield>
  <datafield tag="410" ind1="1" ind2=" ">
    <subfield code="a">ירושלים.</subfield>
    <subfield code="b">אלי&quot;ן.</subfield>
    <subfield code="b">בית חולים אורטופדי</subfield>
    <subfield code="9">heb</subfield>
  </datafield>
  <datafield tag="410" ind1="2" ind2=" ">
    <subfield code="a">בית החולים האורטופדי אלי&quot;ן (ירושלים)</subfield>
    <subfield code="9">heb</subfield>
  </datafield>
  <datafield tag="667" ind1=" " ind2=" ">
    <subfield code="a">Heading merged from record: 000165020</subfield>
  </datafield>
  <datafield tag="670" ind1=" " ind2=" ">
    <subfield code="a">אלי&quot;ן = Alin, 2014:</subfield>
    <subfield code="b">t.p. verso (Alyn hospital)</subfield>
  </datafield>
  <datafield tag="670" ind1=" " ind2=" ">
    <subfield code="a">Ṿiḳipedyah, Aug. 1, 2014</subfield>
    <subfield code="b">(בית חולים אלי&quot;ן = Bet ḥolim Alin; אגידה לעזרת ילדים נכים = Agudah le-ʻezrat yeladim nakhim; children&apos;s hospital founded in 1932 in Jerusalem)</subfield>
  </datafield>
  <datafield tag="670" ind1=" " ind2=" ">
    <subfield code="a">OCALC: Bet ḥolim Alin</subfield>
  </datafield>
  <datafield tag="675" ind1=" " ind2=" ">
    <subfield code="a">Enc. Judaica, c2007.</subfield>
  </datafield>
  <datafield tag="901" ind1=" " ind2=" ">
    <subfield code="a">142436223</subfield>
  </datafield>
  <datafield tag="933" ind1=" " ind2=" ">
    <subfield code="a">lre 201310</subfield>
  </datafield>
  <datafield tag="933" ind1=" " ind2=" ">
    <subfield code="a">hsr 201402</subfield>
  </datafield>
  <datafield tag="933" ind1=" " ind2=" ">
    <subfield code="a">hmh 201403</subfield>
  </datafield>
  <datafield tag="933" ind1=" " ind2=" ">
    <subfield code="a">lre 201507</subfield>
  </datafield>
  <datafield tag="COR" ind1=" " ind2=" ">
    <subfield code="a">&quot;Alyn&quot;, bet holim ortopedi shel ha-Agudda leezrat yeladim nakhim (Jerusalem)</subfield>
    <subfield code="9">lat</subfield>
    <subfield code="0">10</subfield>
  </datafield>
</record>