

<record xmlns="http://www.loc.gov/MARC21/slim"
xmlns:xsi="http://www.w3.org/2001/XMLSchema-instance"
xsi:schemaLocation="http://www.loc.gov/MARC21/slim
http://www.loc.gov/standards/marcxml/schema/MARC21slim.xsd">
  <leader>     nz  a22     n  4500</leader>
  <controlfield tag="FMT">AU</controlfield>
  <controlfield tag="LDR">     nz  a22     n  4500</controlfield>
  <controlfield tag="001">000000003</controlfield>
  <controlfield tag="005">20150723094206.0</controlfield>
  <controlfield tag="008">001024|||az|||aab|||||||||||||||||||||||</controlfield>
  <datafield tag="040" ind1=" " ind2=" ">
    <subfield code="b">mul</subfield>
    <subfield code="e">rda</subfield>
  </datafield>
  <datafield tag="110" ind1="2" ind2=" ">
    <subfield code="a">Bet ḥolim Alin.</subfield>
    <subfield code="b">&lt;&lt;Ha&gt;&gt;-Merkaz lemahalot sheririm</subfield>
    <subfield code="9">lat</subfield>
  </datafield>
  <datafield tag="370" ind1=" " ind2=" ">
    <subfield code="e">Jerusalem (Israel)</subfield>
  </datafield>
  <datafield tag="372" ind1=" " ind2=" ">
    <subfield code="a">Children--Hospitals</subfield>
    <subfield code="2">lcsh</subfield>
  </datafield>
  <datafield tag="410" ind1="2" ind2=" ">
    <subfield code="a">&quot;Alyn&quot;, bet holim ortopedi shel ha-Agudda leezrat yeladim nakhim (Jerusalem).</subfield>
    <subfield code="b">&lt;&lt;Ha&gt;&gt;-Merkaz lemahalot sheririm</subfield>
    <subfield code="9">lat</subfield>
  </datafield>
  <datafield tag="410" ind1="2" ind2=" ">
    <subfield code="a">Center for Muscle Diseases, &quot;Alyn&quot;</subfield>
    <subfield code="9">lat</subfield>
  </datafield>
  <datafield tag="410" ind1="2" ind2=" ">
    <subfield code="a">&lt;&lt;ha-&gt;&gt;Merkaz lemahalot sheririm, &quot;Alyn&quot;</subfield>
    <subfield code="9">lat</subfield>
  </datafield>
  <datafield tag="410" ind1="2" ind2=" ">
    <subfield code="a">&quot;Alyn&quot;, bet holim ortopedi shel ha-agudda leezrat yeladim nakhim (Jerusalem).</subfield>
    <subfield code="b">Center for Muscle Diseases</subfield>
    <subfield code="9">lat</subfield>
  </datafield>
  <datafield tag="410" ind1="2" ind2=" ">
    <subfield code="a">Bet ḥolim Alin.</subfield>
    <subfield code="b">Center for Muscle Diseases</subfield>
    <subfield code="9">lat</subfield>
  </datafield>
  <datafield tag="680" ind1=" " ind2=" ">
    <subfield code="a">Jerusalem Symposium on Neuromuscular Diseases</subfield>
  </datafield>
  <datafield tag="901" ind1=" " ind2=" ">
    <subfield code="a">143613319</subfield>
  </datafield>
  <datafield tag="933" ind1=" " ind2=" ">
    <subfield code="a">lre 201507</subfield>
  </datafield>
  <datafield tag="COR" ind1=" " ind2=" ">
    <subfield code="a">&quot;Alyn&quot;, bet holim ortopedi shel ha-Agudda leezrat yeladim nakhim (Jerusalem).</subfield>
    <subfield code="b">&lt;&lt;Ha&gt;&gt;-Merkaz lemahalot sheririm</subfield>
    <subfield code="9">lat</subfield>
    <subfield code="0">10</subfield>
  </datafield>
</record>