

<record xmlns="http://www.loc.gov/MARC21/slim"
xmlns:xsi="http://www.w3.org/2001/XMLSchema-instance"
xsi:schemaLocation="http://www.loc.gov/MARC21/slim
http://www.loc.gov/standards/marcxml/schema/MARC21slim.xsd">
  <leader>     nz  a22     n  4500</leader>
  <controlfield tag="FMT">AU</controlfield>
  <controlfield tag="LDR">     nz  a22     n  4500</controlfield>
  <controlfield tag="001">000000004</controlfield>
  <controlfield tag="008">000108|||a||||aab|||||||||||||||||||||||</controlfield>
  <datafield tag="110" ind1="2" ind2=" ">
    <subfield code="a">&quot;Caritatea&quot;, Societate pentru Întretinerea Spitalului Israelit din Botosani</subfield>
    <subfield code="9">lat</subfield>
  </datafield>
  <datafield tag="410" ind1="2" ind2=" ">
    <subfield code="a">Societatea &quot;Caritatea&quot; din Botosani</subfield>
    <subfield code="9">lat</subfield>
  </datafield>
  <datafield tag="680" ind1=" " ind2=" ">
    <subfield code="a">MRC</subfield>
  </datafield>
  <datafield tag="680" ind1=" " ind2=" ">
    <subfield code="a">f.1909</subfield>
  </datafield>
  <datafield tag="901" ind1=" " ind2=" ">
    <subfield code="a">150638916</subfield>
  </datafield>
</record>