

<record xmlns="http://www.loc.gov/MARC21/slim"
xmlns:xsi="http://www.w3.org/2001/XMLSchema-instance"
xsi:schemaLocation="http://www.loc.gov/MARC21/slim
http://www.loc.gov/standards/marcxml/schema/MARC21slim.xsd">
  <leader>     nz  a22     n  4500</leader>
  <controlfield tag="FMT">AU</controlfield>
  <controlfield tag="LDR">     nz  a22     n  4500</controlfield>
  <controlfield tag="001">000000005</controlfield>
  <controlfield tag="008">010401|||a||||aab|||||||||||||||||||||||</controlfield>
  <datafield tag="110" ind1="2" ind2=" ">
    <subfield code="a">&quot;DDR im Ueberblick&quot; (Firm)</subfield>
    <subfield code="9">lat</subfield>
  </datafield>
  <datafield tag="410" ind1="2" ind2=" ">
    <subfield code="a">Panorama DDR (Firm).</subfield>
    <subfield code="b">&quot;DRR im Ueberblick&quot;</subfield>
    <subfield code="9">lat</subfield>
  </datafield>
  <datafield tag="410" ind1="2" ind2=" ">
    <subfield code="a">&quot;Apercus sur la R.D.A.&quot;</subfield>
    <subfield code="9">lat</subfield>
  </datafield>
  <datafield tag="667" ind1=" " ind2=" ">
    <subfield code="a">MARC AUTH.</subfield>
  </datafield>
  <datafield tag="901" ind1=" " ind2=" ">
    <subfield code="a">151309011</subfield>
  </datafield>
</record>