

<record xmlns="http://www.loc.gov/MARC21/slim"
xmlns:xsi="http://www.w3.org/2001/XMLSchema-instance"
xsi:schemaLocation="http://www.loc.gov/MARC21/slim
http://www.loc.gov/standards/marcxml/schema/MARC21slim.xsd">
  <leader>     nz  a22     n  4500</leader>
  <controlfield tag="FMT">AU</controlfield>
  <controlfield tag="LDR">     nz  a22     n  4500</controlfield>
  <controlfield tag="001">000000006</controlfield>
  <controlfield tag="008">020204|||a||||aab|||||||||||||||||||||||</controlfield>
  <datafield tag="110" ind1="2" ind2=" ">
    <subfield code="a">&quot;Dr. Iuliu Barasch&quot;, Societate pentru Binefaceri, Ingrijirea si Sustinerea Membrilor sai În Caz de Boala si Deces</subfield>
    <subfield code="9">lat</subfield>
  </datafield>
  <datafield tag="410" ind1="2" ind2=" ">
    <subfield code="a">&quot;Doctor Iuliu Barasch&quot;, Societate de Binefacere si Ajutor Mutual</subfield>
    <subfield code="9">lat</subfield>
  </datafield>
  <datafield tag="410" ind1="2" ind2=" ">
    <subfield code="a">Societate pentru Binefaceri, Ingrijirea si Sustinerea Membrilor sai În caz de Boala si Deces, Dr. Iuliu Barasch</subfield>
    <subfield code="9">lat</subfield>
  </datafield>
  <datafield tag="410" ind1="2" ind2=" ">
    <subfield code="a">Iuliu Barasch, Societate pentru Binefaceri, Ingrijirea si Sustinerea Membrilor sai În caz de Boala si Deces</subfield>
    <subfield code="9">lat</subfield>
  </datafield>
  <datafield tag="410" ind1="2" ind2=" ">
    <subfield code="a">&quot;Dr. Iuliu Barasch&quot;, Societate de Binefacere, Cultura si Ajutor</subfield>
    <subfield code="9">lat</subfield>
  </datafield>
  <datafield tag="410" ind1="2" ind2=" ">
    <subfield code="a">Societatea de Binefacere si Ajutor Reciproc &quot;Dr. Iuliu Barasch&quot;</subfield>
    <subfield code="9">lat</subfield>
  </datafield>
  <datafield tag="680" ind1=" " ind2=" ">
    <subfield code="a">Cf.: Istoricul societatii</subfield>
  </datafield>
  <datafield tag="680" ind1=" " ind2=" ">
    <subfield code="a">f.1872</subfield>
  </datafield>
  <datafield tag="901" ind1=" " ind2=" ">
    <subfield code="a">147120539</subfield>
  </datafield>
</record>