

<record xmlns="http://www.loc.gov/MARC21/slim"
xmlns:xsi="http://www.w3.org/2001/XMLSchema-instance"
xsi:schemaLocation="http://www.loc.gov/MARC21/slim
http://www.loc.gov/standards/marcxml/schema/MARC21slim.xsd">
  <leader>     nz  a22     n  4500</leader>
  <controlfield tag="FMT">AU</controlfield>
  <controlfield tag="LDR">     nz  a22     n  4500</controlfield>
  <controlfield tag="001">000000019</controlfield>
  <controlfield tag="008">000108|||a||||aab|||||||||||||||||||||||</controlfield>
  <datafield tag="110" ind1="2" ind2=" ">
    <subfield code="a">&quot;Pionul&quot; - Societate economica a functionarilor din Districtul Neamtu</subfield>
    <subfield code="9">lat</subfield>
  </datafield>
  <datafield tag="680" ind1=" " ind2=" ">
    <subfield code="a">Cf.: Statut. f.1877</subfield>
  </datafield>
  <datafield tag="901" ind1=" " ind2=" ">
    <subfield code="a">137747656</subfield>
  </datafield>
</record>