

<record xmlns="http://www.loc.gov/MARC21/slim"
xmlns:xsi="http://www.w3.org/2001/XMLSchema-instance"
xsi:schemaLocation="http://www.loc.gov/MARC21/slim
http://www.loc.gov/standards/marcxml/schema/MARC21slim.xsd">
  <leader>     nz  a22     n  4500</leader>
  <controlfield tag="FMT">AU</controlfield>
  <controlfield tag="LDR">     nz  a22     n  4500</controlfield>
  <controlfield tag="001">000000020</controlfield>
  <controlfield tag="005">20090127050408.0</controlfield>
  <controlfield tag="008">010401|||a||||aab|||||||||||||||||||||||</controlfield>
  <datafield tag="110" ind1="2" ind2=" ">
    <subfield code="a">&quot;Renaissance&quot;, Hug shohare ommanut</subfield>
    <subfield code="9">lat</subfield>
  </datafield>
  <datafield tag="410" ind1="2" ind2=" ">
    <subfield code="a">Hug Shohare Ommanut &quot;renaissance&quot; (Haifa)</subfield>
    <subfield code="9">lat</subfield>
  </datafield>
  <datafield tag="410" ind1="2" ind2=" ">
    <subfield code="a">&quot;Renaissance&quot;, Art Appreciation Circle (Haifa)</subfield>
    <subfield code="9">lat</subfield>
  </datafield>
  <datafield tag="410" ind1="2" ind2=" ">
    <subfield code="a">Art Appreciation Circle &quot;renaissance&quot; (Haifa)</subfield>
    <subfield code="9">lat</subfield>
  </datafield>
  <datafield tag="901" ind1=" " ind2=" ">
    <subfield code="a">137747673</subfield>
  </datafield>
</record>